<?xml version="1.0" encoding="UTF-8"?><collection xmlns="http://www.loc.gov/MARC21/slim"><record><leader>00342nam--2200121-i-4500</leader><controlfield tag="001">000035827</controlfield><controlfield tag="002">20161230</controlfield><controlfield tag="005">20161230201040</controlfield><controlfield tag="008">060222s1000------------r-----000-0-eng-d</controlfield><datafield ind1=" " ind2=" " tag="245"><subfield code="a">Collected works. quantum statistics and cooperative phenomena</subfield></datafield><datafield ind1=" " ind2=" " tag="260"><subfield code="a">New York, Gordon And Breach, 1965, X + 182p</subfield></datafield><datafield ind1=" " ind2=" " tag="700"><subfield code="a">Oppenheim, Irwin</subfield></datafield><datafield ind1=" " ind2=" " tag="852"><subfield code="a">27000</subfield></datafield></record></collection>